@ARTICLE{Komissarov:2006,
   author = {{Komissarov}, S.~S.},
    title = "{Magnetized tori around Kerr black holes: analytic solutions with a toroidal magnetic field}",
  journal = {\mnras},
   eprint = {astro-ph/0601678},
 keywords = {accretion, accretion discs: black hole physics: MHD: methods: analytical: methods: numerical, accretion discs, black hole physics, MHD, methods: analytical, methods: numerical},
     year = 2006,
    month = may,
   volume = 368,
    pages = {993-1000},
      doi = {10.1111/j.1365-2966.2006.10183.x},
   adsurl = {http://adsabs.harvard.edu/abs/2006MNRAS.368..993K},
  adsnote = {Provided by the SAO/NASA Astrophysics Data System}
}

@ARTICLE{Herdeiro:2014a,
   author = {{Herdeiro}, C.~A.~R. and {Radu}, E.},
    title = "{Kerr Black Holes with Scalar Hair}",
  journal = {Physical Review Letters},
archivePrefix = "arXiv",
   eprint = {1403.2757},
 primaryClass = "gr-qc",
 keywords = {Classical black holes, Classical field theories},
     year = 2014,
    month = jun,
   volume = 112,
   number = 22,
      eid = {221101},
    pages = {221101},
      doi = {10.1103/PhysRevLett.112.221101},
   adsurl = {http://adsabs.harvard.edu/abs/2014PhRvL.112v1101H},
  adsnote = {Provided by the SAO/NASA Astrophysics Data System}
}

@ARTICLE{Herdeiro:2015a,
   author = {{Herdeiro}, C.~A.~R. and {Radu}, E. and {R{\'u}narsson}, H.},
    title = "{Kerr black holes with self-interacting scalar hair: Hairier but not heavier}",
  journal = {\prd},
archivePrefix = "arXiv",
   eprint = {1509.02923},
 primaryClass = "gr-qc",
 keywords = {Exact solutions, Self-gravitating systems, continuous media and classical fields in curved spacetime, Physics of black holes},
     year = 2015,
    month = oct,
   volume = 92,
   number = 8,
      eid = {084059},
    pages = {084059},
      doi = {10.1103/PhysRevD.92.084059},
   adsurl = {http://adsabs.harvard.edu/abs/2015PhRvD..92h4059H},
  adsnote = {Provided by the SAO/NASA Astrophysics Data System}
}

@ARTICLE{Herdeiro:2015b,
   author = {{Herdeiro}, C. and {Radu}, E.},
    title = "{Construction and physical properties of Kerr black holes with scalar hair}",
  journal = {Classical and Quantum Gravity},
archivePrefix = "arXiv",
   eprint = {1501.04319},
 primaryClass = "gr-qc",
     year = 2015,
    month = jul,
   volume = 32,
   number = 14,
      eid = {144001},
    pages = {144001},
      doi = {10.1088/0264-9381/32/14/144001},
   adsurl = {http://adsabs.harvard.edu/abs/2015CQGra..32n4001H},
  adsnote = {Provided by the SAO/NASA Astrophysics Data System}
}

@ARTICLE{Herdeiro:2014b,
   author = {{Herdeiro}, C. and {Radu}, E.},
    title = "{Ergosurfaces for Kerr black holes with scalar hair}",
  journal = {\prd},
 keywords = {Higher-dimensional gravity and other theories of gravity, Modified theories of gravity, Exact solutions},
     year = 2014,
    month = jun,
   volume = 89,
   number = 12,
      eid = {124018},
    pages = {124018},
      doi = {10.1103/PhysRevD.89.124018},
   adsurl = {http://adsabs.harvard.edu/abs/2014PhRvD..89l4018H},
  adsnote = {Provided by the SAO/NASA Astrophysics Data System}
}

@ARTICLE{Herdeiro:2015c,
   author = {{Herdeiro}, C.~A.~R. and {Radu}, E.},
    title = "{How fast can a black hole rotate?}",
  journal = {International Journal of Modern Physics D},
archivePrefix = "arXiv",
   eprint = {1505.04189},
 primaryClass = "gr-qc",
 keywords = {Black holes, angular momentum, Kerr bound},
     year = 2015,
    month = nov,
   volume = 24,
      eid = {1544022},
    pages = {1544022},
      doi = {10.1142/S0218271815440228},
   adsurl = {http://adsabs.harvard.edu/abs/2015IJMPD..2444022H},
  adsnote = {Provided by the SAO/NASA Astrophysics Data System}
}

@article{Gimeno-Soler:2017,
      author         = "Gimeno-Soler, Sergio and Font, Jos√© A.",
      title          = "{Magnetised Polish doughnuts revisited}",
      journal        = "Astron. Astrophys.",
      volume         = "607",
      year           = "2017",
      pages          = "A68",
      doi            = "10.1051/0004-6361/201730935",
      eprint         = "1707.03867",
      archivePrefix  = "arXiv",
      primaryClass   = "gr-qc",
      SLACcitation   = "%%CITATION = ARXIV:1707.03867;%%"
}

@ARTICLE{Daigne:2004,
   author = {{Daigne}, F. and {Font}, J.~A.},
    title = "{The runaway instability of thick discs around black holes - II. Non-constant angular momentum discs}",
  journal = {\mnras},
   eprint = {astro-ph/0311618},
 keywords = {accretion, accretion discs, black hole physics, hydrodynamics, instabilities, gamma-rays: bursts},
     year = 2004,
    month = apr,
   volume = 349,
    pages = {841-868},
      doi = {10.1111/j.1365-2966.2004.07547.x},
   adsurl = {http://adsabs.harvard.edu/abs/2004MNRAS.349..841D},
  adsnote = {Provided by the SAO/NASA Astrophysics Data System}
}

@ARTICLE{Montero:2007,
   author = {{Montero}, P.~J. and {Zanotti}, O. and {Font}, J.~A. and {Rezzolla}, L.
  },
    title = "{Dynamics of magnetized relativistic tori oscillating around black holes}",
  journal = {\mnras},
   eprint = {astro-ph/0702485},
 keywords = {accretion, accretion discs, gravitational waves, hydrodynamics, relativity, stars: oscillations},
     year = 2007,
    month = jul,
   volume = 378,
    pages = {1101-1110},
      doi = {10.1111/j.1365-2966.2007.11844.x},
   adsurl = {http://adsabs.harvard.edu/abs/2007MNRAS.378.1101M},
  adsnote = {Provided by the SAO/NASA Astrophysics Data System}
}

@ARTICLE{Abramowicz:1978,
   author = {{Abramowicz}, M. and {Jaroszynski}, M. and {Sikora}, M.},
    title = "{Relativistic, accreting disks}",
  journal = {\aap},
 keywords = {Black Holes (Astronomy), Relativity, Rotating Disks, Stellar Mass Accretion, Angular Momentum, Astronomical Models, Binary Stars, Cusps, Gravitational Effects, Pressure Gradients},
     year = 1978,
    month = feb,
   volume = 63,
    pages = {221-224},
   adsurl = {http://adsabs.harvard.edu/abs/1978A%26A....63..221A},
  adsnote = {Provided by the SAO/NASA Astrophysics Data System}
}

@ARTICLE{Delgado:2018,
       author = {{Delgado}, Jorge F.~M. and {Herdeiro}, Carlos A.~R. and {Radu}, Eugen},
        title = "{Horizon geometry for Kerr black holes with synchronised hair}",
      journal = {ArXiv e-prints},
     keywords = {General Relativity and Quantum Cosmology, High Energy Physics - Theory},
         year = 2018,
        month = Apr,
archivePrefix = {arXiv},
       eprint = {1804.04910},
       adsurl = {https://ui.adsabs.harvard.edu/#abs/2018arXiv180404910D},
      adsnote = {Provided by the SAO/NASA Astrophysics Data System}
}


